% Encoding: windows-1252

@Comment{jabref-meta: databaseType:bibtex;}

% This file was created with JabRef 2.11.1.
% Encoding: Cp1252
