% Encoding: UTF-8
@inproceedings{kour2014real,
  title={Real-time segmentation of on-line handwritten arabic script},
  author={Kour, George and Saabne, Raid},
  booktitle={Frontiers in Handwriting Recognition (ICFHR), 2014 14th International Conference on},
  pages={417--422},
  year={2014},
  organization={IEEE}
}

@inproceedings{kour2014fast,
  title={Fast classification of handwritten on-line Arabic characters},
  author={Kour, George and Saabne, Raid},
  booktitle={Soft Computing and Pattern Recognition (SoCPaR), 2014 6th International Conference of},
  pages={312--318},
  year={2014},
  organization={IEEE}
}

@article{hadash2018estimate,
  title={Estimate and Replace: A Novel Approach to Integrating Deep Neural Networks with Existing Applications},
  author={Hadash, Guy and Kermany, Einat and Carmeli, Boaz and Lavi, Ofer and Kour, George and Jacovi, Alon},
  journal={arXiv preprint arXiv:1804.09028},
  year={2018}
}

@TechReport{elrofai2018scenario,
  author      = {Elrofai, Hala and Paardekooper, Jan-Pieter and de Gelder, Erwin and Kalisvaart, Sytze and Op den Camp, Olaf},
  institution = {Netherlands Organization for Applied Scientific Research, TNO},
  title       = {Scenario-Based Safety Validation of Connected and Automated Driving},
  year        = {2018},
  comment     = {Accessed Novermber 2019},
  owner       = {geldered},
  timestamp   = {2018.07.20},
  url         = {http://publications.tno.nl/publication/34626550/AyT8Zc/TNO-2018-streetwise.pdf},
}

@Conference{paardekooper2019dataset6000km,
  author    = {Paardekooper, Jan-Pieter and Montfort, Sjef and Manders, Jeroen and Goos, Jorrit and de Gelder, Erwin and Op den Camp, Olaf and Bracquemond, Annie and Thiolon, Gildas},
  title     = {Automatic Identification of Critical Scenarios in a Public Dataset of 6000 km of Public-Road Driving},
  booktitle = {26th International Technical Conference on the Enhanced Safety of Vehicles (ESV)},
  year      = {2019},
  owner     = {geldered},
  timestamp = {2018.12.17},
}

@Article{degelder2018ontology,
  author    = {de Gelder, Erwin and Paardekooper, Jan-Pieter and Khabbaz Saberi, Arash and Elrofai, Hala and Op den Camp, Olaf and Ploeg, Jeroen and Friedman, Ludwig and De Schutter, Bart},
  journal   = {https://arxiv.org/abs/2001.11507},
  title     = {Ontology for Scenarios for the Assessment of Automated Vehicles},
  year      = {2019},
  owner     = {geldered},
  timestamp = {2018.02.08},
}

@Standard{ISO26262,
  organization = {International Organization for Standardization},
  title        = {{ISO} 26262: Road {V}ehicles -- {F}unctional {S}afety},
  author       = {{ISO 26262}},
  url          = {https://www.iso.org/standard/68383.html},
  year         = {2018},
  owner        = {geldered},
  timestamp    = {2018.01.27},
}

@Article{elfring2016effective,
  author    = {Elfring, Jos and Appeldoorn, Rein and van den Dries, Sjoerd and Kwakkernaat, Maurice},
  title     = {Effective World Modeling: Multisensor Data Fusion Methodology for Automated Driving},
  journal   = {Sensors},
  year      = {2016},
  volume    = {16},
  number    = {10},
  pages     = {1--27},
  doi       = {10.3390/s16101668},
  owner     = {geldered},
  publisher = {Multidisciplinary Digital Publishing Institute},
  timestamp = {2020.01.09},
}

@TechReport{iso8855,
  author      = {{ISO 8855}},
  title       = {{ISO} 8855: Road {V}ehicles -- {V}ehicle dnamics and road-holding ability},
  institution = {International Organization for Standardization},
  year        = {2011},
  owner       = {geldered},
  timestamp   = {2020.01.04},
}

@Electronic{osm_highway,
  author = {{OpenStreetMaps}},
  title  = {Key:highway},
  note   = {Accessed: January 2020},
  url    = {https://wiki.openstreetmap.org/wiki/Key:highway},
}

@Article{rosenblatt1956remarks,
  author    = {Rosenblatt, Murray},
  journal   = {The Annals of Mathematical Statistics},
  title     = {Remarks on Some Nonparametric Estimates of a Density Function},
  year      = {1956},
  number    = {3},
  pages     = {832--837},
  volume    = {27},
  owner     = {geldered},
  publisher = {Institute of Mathematical Statistics},
  timestamp = {2017.12.15},
}

@Article{parzen1962estimation,
  author    = {Parzen, Emanuel},
  journal   = {The Annals of Mathematical Statistics},
  title     = {On Estimation of a Probability Density Function and Mode},
  year      = {1962},
  number    = {3},
  pages     = {1065--1076},
  volume    = {33},
  owner     = {geldered},
  publisher = {JSTOR},
  timestamp = {2017.12.15},
}

@Book{rubinstein2016simulation,
  author    = {Rubinstein, Reuven Y. and Kroese, Dirk P.},
  publisher = {John Wiley \& Sons},
  title     = {Simulation and the {M}onte {C}arlo Method},
  year      = {2016},
  doi       = {10.1002/9781118631980},
  owner     = {geldered},
  timestamp = {2020.08.10},
}

@Comment{jabref-meta: databaseType:bibtex;}
