% Encoding: UTF-8
@STANDARD{ISO26262,
  title = {{ISO} 26262: Road {V}ehicles -- {F}unctional {S}afety},
  organization = {International Organization for Standardization},
  author = {{ISO 26262}},
  year = {2018},
  url = {https://www.iso.org/standard/68383.html},
  owner = {geldered},
  timestamp = {2018.01.27}
}

@TECHREPORT{ISO21448,
  author = {{ISO/WD PAS 21448}},
  type = {Standard},
  title = {Road vehicles -- {S}afety of the intended functionality},
  institution = {International Organization for Standardization},
  year = {2020},
  address = {Geneva, Switzerland},
  comment = {https://www.iso.org/standard/70939.html},
  owner = {geldered},
  timestamp = {2019.05.05}
}

@ARTICLE{kiefer2005developing,
  author = {Kiefer, Raymond J and LeBlanc, David J and Flannagan, Carol A},
  title = {Developing an Inverse Time-to-Collision Crash Alert Timing Approach
	Based on Driversâ€™ Last-Second Braking and Steering Judgments},
  journal = {Accident Analysis \& Prevention},
  year = {2005},
  volume = {37},
  pages = {295--303},
  number = {2},
  doi = {10.1016/j.aap.2004.09.003},
  owner = {geldered},
  publisher = {Elsevier},
  timestamp = {2020.08.03}
}

@INPROCEEDINGS{schakel2010effects,
  author = {Schakel, Wouter J and Van Arem, Bart and Netten, Bart D},
  title = {Effects of Cooperative Adaptive Cruise Control on Traffic Flow Stability},
  booktitle = {13th International IEEE Conference on Intelligent Transportation
	Systems},
  year = {2010},
  pages = {759--764},
  organization = {IEEE},
  doi = {10.1109/itsc.2010.5625133},
  owner = {geldered},
  timestamp = {2020.05.11}
}

@ARTICLE{treiber2000congested,
  author = {Treiber, Martin and Hennecke, Ansgar and Helbing, Dirk},
  title = {Congested Traffic States in Empirical Observations and Microscopic
	Simulations},
  journal = {Physical review E},
  year = {2000},
  volume = {62},
  pages = {1805--1824},
  number = {2},
  doi = {10.1103/PhysRevE.62.1805},
  owner = {geldered},
  publisher = {APS},
  timestamp = {2020.05.04}
}

@ARTICLE{treiber2006delays,
  author = {Treiber, Martin and Kesting, Arne and Helbing, Dirk},
  title = {Delays, Inaccuracies and Anticipation in Microscopic Traffic Models},
  journal = {Physica A: Statistical Mechanics and its Applications},
  year = {2006},
  volume = {360},
  pages = {71--88},
  number = {1},
  doi = {10.1016/j.physa.2005.05.001},
  owner = {geldered},
  publisher = {Elsevier},
  timestamp = {2020.05.12}
}

@ARTICLE{xiao2017realistic,
  author = {Xiao, Lin and Wang, Meng and van Arem, Bart},
  title = {Realistic Car-Following Models for Microscopic Simulation of Adaptive
	and Cooperative Adaptive Cruise Control Vehicles},
  journal = {Transportation Research Record},
  year = {2017},
  volume = {2623},
  pages = {1--9},
  number = {1},
  doi = {10.3141/2623-01},
  owner = {geldered},
  publisher = {SAGE Publications Sage CA: Los Angeles, CA},
  timestamp = {2020.07.23}
}

@CONFERENCE{paardekooper2019dataset6000km,
  author = {Paardekooper, Jan-Pieter and Montfort, Sjef and Manders, Jeroen and
	Goos, Jorrit and de Gelder, Erwin and Op den Camp, Olaf and Bracquemond,
	Annie and Thiolon, Gildas},
  title = {Automatic Identification of Critical Scenarios in a Public Dataset
	of 6000 km of Public-Road Driving},
  booktitle = {26th International Technical Conference on the Enhanced Safety of
	Vehicles (ESV)},
  year = {2019},
  owner = {geldered},
  timestamp = {2018.12.17}
}

@ARTICLE{degelder2021ontology,
  author = {de Gelder, Erwin and Paardekooper, Jan-Pieter and Khabbaz Saberi,
	Arash and Elrofai, Hala and Op den Camp, Olaf and Kraines, Steven and Ploeg, Jeroen and De Schutter, Bart},
  title = {Towards an Ontology for Scenario Definition for the Assessment of Automated Vehicles: An Object-Oriented Framework},
  journal = {In preparation},
  year = {2021},
  owner = {geldered},
  timestamp = {2018.02.08}
}

@TECHREPORT{sae2021j3016,
  author = {{SAE International}},
  title = {Taxonomy and Definitions for Terms Related to Driving Automation
	Systems for On-Road Motor Vehicles},
  year = {2021},
  number = {J3016},
  month = {6},
  owner = {geldered},
  timestamp = {2021.06.29}
}

@INPROCEEDINGS{gyllenhammar2020towards,
  author = {Gyllenhammar, Magnus and Johansson, Rolf and Warg, Fredrik and Chen,
	DeJiu and Heyn, Hans-Martin and Sanfridson, Martin and S{\"o}derberg,
	Jan and Thors{\'e}n, Anders and Ursing, Stig},
  title = {Towards an Operational Design Domain That Supports the Safety Argumentation
	of an Automated Driving System},
  booktitle = {10th European Congress on Embedded Real Time Systems (ERTS)},
  year = {2020},
  owner = {geldered},
  timestamp = {2020.08.20}
}

@TechReport{degelder2019scenariocategories,
  author      = {de Gelder, Erwin and Op den Camp, Olaf and de Boer, Niels},
  institution = {CETRAN},
  title       = {Scenario Categories for the Assessment of Automated Vehicles},
  year        = {2020},
  note        = {Version 1.7},
  owner       = {geldered},
  timestamp   = {2019.01.25},
  url         = {http://cetran.sg/wp-content/uploads/2020/01/REP200121_Scenario_Categories_v1.7.pdf},
}

@Article{riedmaier2020survey,
  author    = {Riedmaier, Stefan and Ponn, Thomas and Ludwig, Dieter and Schick, Bernhard and Diermeyer, Frank},
  journal   = {IEEE Access},
  title     = {Survey on Scenario-Based Safety Assessment of Automated Vehicles},
  year      = {2020},
  pages     = {87456--87477},
  volume    = {8},
  doi       = {10.1109/ACCESS.2020.2993730},
  owner     = {geldered},
  timestamp = {2020.05.25},
}

@InProceedings{degelder2020scenariomining,
  author    = {de Gelder, Erwin and Manders, Jeroen and Grappiolo, Corrado and Paardekooper, Jan-Pieter and Op den Camp, Olaf and De Schutter, Bart},
  booktitle = {IEEE International Transportation Systems Conference (ITSC)},
  title     = {Real-World Scenario Mining for the Assessment of Automated Vehicles},
  year      = {2020},
  pages     = {1073--1080},
  owner     = {geldered},
  timestamp = {2020.03.18},
}

@Article{nicholson1993accidents,
  author    = {Nicholson, Alan and Wong, Yiik-Diew},
  journal   = {Accident Analysis \& Prevention},
  title     = {Are Accidents {P}oisson Distributed? {A} Statistical Test},
  year      = {1993},
  number    = {1},
  pages     = {91--97},
  volume    = {25},
  doi       = {10.1016/0001-4575(93)90100-B},
  owner     = {geldered},
  publisher = {Elsevier},
  timestamp = {2021.07.01},
}

@InCollection{wachenfeld2017new,
  author    = {Wachenfeld, Walther and Winner, Hermann},
  booktitle = {Automated Driving},
  publisher = {Springer},
  title     = {The New Role of Road Testing for the Safety Validation of Automated Vehicles},
  year      = {2017},
  pages     = {419--435},
  doi       = {10.1007/978-3-319-31895-0_17},
  owner     = {geldered},
  timestamp = {2021.07.01},
}

@InProceedings{jesenski2020scalable,
  author       = {Jesenski, Stefan and Tiemann, Nils and Stellet, Jan Erik and Z{\"o}llner, J Marius},
  booktitle    = {IEEE 23rd International Conference on Intelligent Transportation Systems (ITSC)},
  title        = {Scalable Generation of Statistical Evidence for the Safety of Automated Vehicles by the Use of Importance Sampling},
  year         = {2020},
  organization = {IEEE},
  pages        = {1--8},
  doi          = {10.1109/ITSC45102.2020.9294503},
  owner        = {geldered},
  timestamp    = {2021.01.29},
}

@Article{zhao2016accelerated,
  author    = {Zhao, Ding and Lam, Henry and Peng, Huei and Bao, Shan and LeBlanc, David J and Nobukawa, Kazutoshi and Pan, Christopher S},
  journal   = {IEEE Transactions on Intelligent Transportation Systems},
  title     = {Accelerated Evaluation of Automated Vehicles Safety in Lane-Change Scenarios Based on Importance Sampling Techniques},
  year      = {2016},
  number    = {3},
  pages     = {595--607},
  volume    = {18},
  doi       = {10.1109/TITS.2016.2582208},
  owner     = {geldered},
  publisher = {IEEE},
  timestamp = {2021.06.19},
}

@TechReport{elrofai2018scenario,
  author      = {Elrofai, Hala and Paardekooper, Jan-Pieter and de Gelder, Erwin and Kalisvaart, Sytze and Op den Camp, Olaf},
  institution = {Netherlands Organization for Applied Scientific Research, TNO},
  title       = {Scenario-Based Safety Validation of Connected and Automated Driving},
  year        = {2018},
  comment     = {Accessed July 2021},
  owner       = {geldered},
  timestamp   = {2018.07.20},
  url         = {http://publications.tno.nl/publication/34626550/AyT8Zc/TNO-2018-streetwise.pdf},
}

@InProceedings{putz2017pegasus,
  author    = {P\"{u}tz, Andreas and Zlocki, Adrian and Bock, Julian and Eckstein, Lutz},
  booktitle = {12th ITS European Congress},
  title     = {System Validation of Highly Automated Vehicles with a Database of Relevant Traffic Scenarios},
  year      = {2017},
  pages     = {1--8},
  owner     = {geldered},
  timestamp = {2017.12.07},
}

@InProceedings{krajewski2018highD,
  author    = {Krajewski, Robert and Bock, Julian and Kloeker, Laurent and Eckstein, Lutz},
  booktitle = {IEEE 21st International Conference on Intelligent Transportations Systems (ITSC)},
  title     = {The High{D} Dataset: A Drone Dataset of Naturalistic Vehicle Trajectories on {G}erman Highways for Validation of Highly Automated Driving Systems},
  year      = {2018},
  pages     = {2118--2125},
  owner     = {geldered},
  timestamp = {2018.10.22},
}

@Article{zhao2018evaluation,
  author    = {Zhao, Ding and Huang, Xianan and Peng, Huei and Lam, Henry and LeBlanc, David J.},
  journal   = {IEEE Transactions on Intelligent Transportation Systems},
  title     = {Accelerated Evaluation of Automated Vehicles in Car-Following Maneuvers},
  year      = {2018},
  issn      = {1524-9050},
  month     = {3},
  number    = {3},
  pages     = {733--744},
  volume    = {19},
  doi       = {10.1109/TITS.2017.2701846},
  keywords  = {Acceleration;Data models;Lead;Monte Carlo methods;Safety;Stochastic processes;Vehicles;Automated vehicles;active safety;car-following;crash avoidance;evaluation},
  owner     = {geldered},
  timestamp = {2018.03.14},
}

@Article{xu2018accelerated,
  author    = {Xu, Yiming and Zou, Yajie and Sun, Jian},
  journal   = {Journal of Intelligent and Connected Vehicles},
  title     = {Accelerated Testing for Automated Vehicles Safety Evaluation in Cut-in Scenarios Based on Importance Sampling, Genetic Algorithm and Simulation Applications},
  year      = {2018},
  pages     = {28--38},
  volume    = {1},
  doi       = {10.1108/JICV-01-2018-0002},
  owner     = {geldered},
  publisher = {Emerald Publishing Limited},
  timestamp = {2021.01.29},
}

@Article{rosenblatt1956remarks,
  author    = {Rosenblatt, Murray},
  journal   = {The Annals of Mathematical Statistics},
  title     = {Remarks on Some Nonparametric Estimates of a Density Function},
  year      = {1956},
  number    = {3},
  pages     = {832--837},
  volume    = {27},
  doi       = {10.1214/aoms/1177728190},
  owner     = {geldered},
  publisher = {Institute of Mathematical Statistics},
  timestamp = {2017.12.15},
}

@Article{parzen1962estimation,
  author    = {Parzen, Emanuel},
  journal   = {The Annals of Mathematical Statistics},
  title     = {On Estimation of a Probability Density Function and Mode},
  year      = {1962},
  number    = {3},
  pages     = {1065--1076},
  volume    = {33},
  doi       = {10.1214/aoms/1177704472},
  owner     = {geldered},
  publisher = {JSTOR},
  timestamp = {2017.12.15},
}

@TechReport{turlach1993bandwidthselection,
  author      = {Turlach, Berwin A.},
  institution = {Institut f{\"u}r Statistik und {\"O}konometrie, Humboldt-Universit{\"a}t zu Berlin},
  title       = {Bandwidth Selection in Kernel Density Estimation: A Review},
  year        = {1993},
  owner       = {geldered},
  timestamp   = {2017.12.22},
}

@Article{duong2007ks,
  author    = {Duong, Tarn},
  journal   = {Journal of Statistical Software},
  title     = {{ks}: Kernel Density Estimation and Kernel Discriminant Analysis for Multivariate Data in {R}},
  year      = {2007},
  number    = {7},
  pages     = {1--16},
  volume    = {21},
  doi       = {10.18637/jss.v021.i07},
  owner     = {geldered},
  timestamp = {2020.12.21},
}

@Book{silverman1986density,
  author    = {Silverman, Bernard W},
  publisher = {CRC press},
  title     = {Density Estimation for Statistics and Data Analysis},
  year      = {1986},
  owner     = {geldered},
  timestamp = {2017.12.15},
}

@Article{bashtannyk2001bandwidth,
  author    = {Bashtannyk, David M. and Hyndman, Rob J.},
  journal   = {Computational Statistics \& Data Analysis},
  title     = {Bandwidth Selection for Kernel Conditional Density Estimation},
  year      = {2001},
  number    = {3},
  pages     = {279--298},
  volume    = {36},
  doi       = {10.1016/S0167-9473(00)00046-3},
  owner     = {geldered},
  publisher = {Elsevier},
  timestamp = {2018.10.10},
}

@Article{jones1996brief,
  author    = {Jones, M. Chris and Marron, James S. and Sheather, Simon J.},
  journal   = {Journal of the American Statistical Association},
  title     = {A Brief Survey of Bandwidth Selection for Density Estimation},
  year      = {1996},
  number    = {433},
  pages     = {401--407},
  volume    = {91},
  doi       = {10.1080/01621459.1996.10476701},
  owner     = {geldered},
  publisher = {Taylor \& Francis},
  timestamp = {2018.10.10},
}

@Comment{jabref-meta: databaseType:bibtex;}
