%%%%%%%%%%
% SANDD Paper
%%%%%%%%%%
@inproceedings{tejada2020safe,
  title={Towards a Characterization of Safe Driving Behavior for Automated Vehicles Based on Models of "Typical" Human Driving Behavior},
  author={Tejada, Arturo and Manders, Jeroen and Snijders, Ron and Paardekooper, Jan-Pieter and de Hair-Buijssen, Stefanie},
  booktitle={2020 IEEE Intelligent Transportation Systems Conference (ITSC)},
  year={2020},
  organization={IEEE}
}

%%%%%%%%%%
% References related to NGSIM:
%%%%%%%%%%
@article{colyar2007us,
  title={{NGSIM} {US} Highway 101 Dataset},
  author={Colyar, James and Halkias, John},
  journal={Federal Highway Administration (FHWA), Tech. Rep. FHWA-HRT-07-030, DC, USA},
  year={2007}
}
@article{halkias2006ngsim,
  title={{NGSIM} Interstate 80 Freeway Dataset},
  author={Halkias, John and Colyar, James},
  journal={Federal Highway Administration (FHWA), Tech. Rep. FHWA-HRT-06-137, DC, USA},
  year={2006}
}
@article{punzo2011assessment,
  title={On the assessment of vehicle trajectory data accuracy and application to the {N}ext {G}eneration {SIM}ulation ({NGSIM}) program data},
  author={Punzo, Vincenzo and Borzacchiello, Maria Teresa and Ciuffo, Biagio},
  journal={Transportation Research Part C: Emerging Technologies},
  volume={19},
  number={6},
  pages={1243--1262},
  year={2011},
  publisher={Elsevier}
}
@article{thiemann2008estimating,
  title={Estimating acceleration and lane-changing 42 dynamics based on ngsim trajectory data},
  author={Thiemann, C and Treiber, M and Kesting, A},
  journal={87 th Transportation Research Board Annual},
  volume={43},
  year={2008}
}

%%%%%%%%%%
% Other
%%%%%%%%%%
@article{savitzky1964smoothing,
  title={Smoothing and differentiation of data by simplified least squares procedures.},
  author={Savitzky, Abraham and Golay, Marcel JE},
  journal={Analytical chemistry},
  volume={36},
  number={8},
  pages={1627--1639},
  year={1964},
  publisher={ACS Publications}
}