% Encoding: UTF-8
@inproceedings{kour2014real,
  title={Real-time segmentation of on-line handwritten arabic script},
  author={Kour, George and Saabne, Raid},
  booktitle={Frontiers in Handwriting Recognition (ICFHR), 2014 14th International Conference on},
  pages={417--422},
  year={2014},
  organization={IEEE}
}

@inproceedings{kour2014fast,
  title={Fast classification of handwritten on-line Arabic characters},
  author={Kour, George and Saabne, Raid},
  booktitle={Soft Computing and Pattern Recognition (SoCPaR), 2014 6th International Conference of},
  pages={312--318},
  year={2014},
  organization={IEEE}
}

@article{hadash2018estimate,
  title={Estimate and Replace: A Novel Approach to Integrating Deep Neural Networks with Existing Applications},
  author={Hadash, Guy and Kermany, Einat and Carmeli, Boaz and Lavi, Ofer and Kour, George and Jacovi, Alon},
  journal={arXiv preprint arXiv:1804.09028},
  year={2018}
}
@Unpublished{degelder2018ontology,
  author    = {de Gelder, Erwin and Paardekooper, Jan-Pieter and Khabbaz Saberi, Arash and Elrofai, Hala and Op den Camp, Olaf and Ploeg, Jeroen and Friedman, Ludwig and De Schutter, Bart},
  title     = {Ontology for Scenarios for the Assessment of Automated Vehicles},
  note      = {In preparation.},
  owner     = {geldered},
  timestamp = {2018.02.08},
}

@TechReport{elrofai2018scenario,
  author      = {Elrofai, Hala and Paardekooper, Jan-Pieter and de Gelder, Erwin and Kalisvaart, Sytze and Op den Camp, Olaf},
  title       = {Scenario-Based Safety Validation of Connected and Automated Driving},
  institution = {Netherlands Organization for Applied Scientific Research, TNO},
  year        = {2018},
  comment     = {Accessed Novermber 2019},
  file        = {:C\:\\Users\\geldered\\OneDrive - TNO\\Documents\\literatuur\\228 Streetwise white paper.pdf:PDF},
  owner       = {geldered},
  timestamp   = {2018.07.20},
  url         = {http://publications.tno.nl/publication/34626550/AyT8Zc/TNO-2018-streetwise.pdf},
}

@Conference{paardekooper2019dataset6000km,
  author    = {Paardekooper, Jan-Pieter and Montfort, Sjef and Manders, Jeroen and Goos, Jorrit and de Gelder, Erwin and Op den Camp, Olaf and Bracquemond, Annie and Thiolon, Gildas},
  title     = {Automatic Identification of Critical Scenarios in a Public Dataset of 6000 km of Public-Road Driving},
  booktitle = {26th International Technical Conference on the Enhanced Safety of Vehicles (ESV)},
  year      = {2019},
  owner     = {geldered},
  timestamp = {2018.12.17},
}

@Comment{jabref-meta: databaseType:bibtex;}
